<?xml version="1.0" encoding="UTF-8"?><collection xmlns="http://www.loc.gov/MARC21/slim"><record><leader>00606nam--2200193-i-4500</leader><controlfield tag="001">000017311</controlfield><controlfield tag="002">20161230</controlfield><controlfield tag="005">20161230201032</controlfield><controlfield tag="008">060222s1000------------r-----000-0-rum-d</controlfield><datafield ind1=" " ind2=" " tag="040"><subfield code="a">IFIN-HH</subfield></datafield><datafield ind1=" " ind2=" " tag="041"><subfield code="a">rum</subfield></datafield><datafield ind1=" " ind2=" " tag="080"><subfield code="a">534.321.9(043)</subfield></datafield><datafield ind1="1" ind2=" " tag="100"><subfield code="a">Chilibon, Irinela</subfield></datafield><datafield ind1="1" ind2="0" tag="245"><subfield code="a">Sistem de transmisie ultrasonica in mediu acvatic de inalta sensibilitate. dispozitive hidroacustice piezoceramice. rez. teza</subfield><subfield code="b">Irinela chilibon</subfield></datafield><datafield ind1=" " ind2=" " tag="260"><subfield code="a">Bucuresti, Universitatea Politehnica Buc., 1997</subfield></datafield><datafield ind1=" " ind2=" " tag="300"><subfield code="a">24 P</subfield></datafield><datafield ind1=" " ind2=" " tag="650"><subfield code="a">Ultrasonic Vibrations</subfield></datafield><datafield ind1=" " ind2=" " tag="852"><subfield code="a">80874</subfield><subfield code="c">534</subfield></datafield><datafield ind1=" " ind2=" " tag="CAT"><subfield code="a">Sys</subfield><subfield code="c">20101004</subfield><subfield code="h">151248</subfield></datafield></record></collection>